
@online{noauthor_robovie-x_nodate,
	title = {Robovie-X Robot: Biped Robot Kit},
	url = {https://robot.cfp.co.ir/en/newsdetail/489},
	urldate = {2019-02-08},
	file = {Robovie-X Robot\: Biped Robot Kit:/Users/auxanehaffreingue/Zotero/storage/MS4NWTMH/489.html:text/html}
}

@online{noauthor_isir_nodate,
	title = {{ISIR} - Institut des Systèmes Intelligents et de Robotique},
	url = {http://www.isir.upmc.fr/index.php?op=view_page&id=2&lang=fr&menuid=1},
	urldate = {2019-05-29},
	file = {ISIR - Institut des Systèmes Intelligents et de Robotique:/Users/auxanehaffreingue/Zotero/storage/NMM2YWHJ/index.html:text/html}
}

@online{noauthor_isir_nodate-1,
	title = {{ISIR} - Institut des Systèmes Intelligents et de Robotique},
	url = {http://www.isir.upmc.fr/index.php?op=view_page&id=750&menuid=1&lang=fr},
	urldate = {2019-05-29},
	file = {ISIR - Institut des Systèmes Intelligents et de Robotique:/Users/auxanehaffreingue/Zotero/storage/YTXSRDER/index.html:text/html}
}

@online{noauthor_isir_nodate-2,
	title = {{ISIR} - Institut des Systèmes Intelligents et de Robotique},
	url = {http://www.isir.upmc.fr/index.php?op=view_equipe&lang=fr&menuid=14},
	urldate = {2019-05-31},
	file = {ISIR - Institut des Systèmes Intelligents et de Robotique:/Users/auxanehaffreingue/Zotero/storage/PC6AJTUR/index.html:text/html}
}

@online{noauthor_isir_nodate-3,
	title = {{ISIR} - Institut des Systèmes Intelligents et de Robotique},
	url = {http://www.isir.upmc.fr/index.php?op=view_equipe&id=3&lang=fr},
	urldate = {2019-05-31},
	file = {ISIR - Institut des Systèmes Intelligents et de Robotique:/Users/auxanehaffreingue/Zotero/storage/3C53DXIN/index.html:text/html}
}

@online{noauthor_isir_nodate-4,
	title = {{ISIR} - Institut des Systèmes Intelligents et de Robotique},
	url = {http://www.isir.upmc.fr/index.php?op=view_equipe&id=1&lang=fr},
	urldate = {2019-05-31},
	file = {ISIR - Institut des Systèmes Intelligents et de Robotique:/Users/auxanehaffreingue/Zotero/storage/8FCBMMZ5/index.html:text/html}
}

@online{noauthor_isir_nodate-5,
	title = {{ISIR} - Institut des Systèmes Intelligents et de Robotique},
	url = {http://www.isir.upmc.fr/index.php?op=view_equipe&lang=fr&pageid=1582&id=5},
	urldate = {2019-05-31},
	file = {ISIR - Institut des Systèmes Intelligents et de Robotique:/Users/auxanehaffreingue/Zotero/storage/MZJD8ZS3/index.html:text/html}
}

@online{noauthor_isir_nodate-6,
	title = {{ISIR} - Institut des Systèmes Intelligents et de Robotique},
	url = {http://www.isir.upmc.fr/index.php?op=view_equipe&lang=fr&pageid=1096&id=2},
	urldate = {2019-05-31},
	file = {ISIR - Institut des Systèmes Intelligents et de Robotique:/Users/auxanehaffreingue/Zotero/storage/PNKVIS39/index.html:text/html}
}

@online{noauthor_isir_nodate-7,
	title = {{ISIR} - Institut des Systèmes Intelligents et de Robotique},
	url = {http://www.isir.upmc.fr/index.php?op=view_equipe&id=4&lang=fr},
	urldate = {2019-05-31},
	file = {ISIR - Institut des Systèmes Intelligents et de Robotique:/Users/auxanehaffreingue/Zotero/storage/U35W7X3A/index.html:text/html}
}

@article{huxley_muscle_1957,
	title = {Muscle structure and theories of contraction},
	volume = {7},
	issn = {0096-4174},
	pages = {255--318},
	journaltitle = {Progress in Biophysics and Biophysical Chemistry},
	author = {Huxley, Andrew F},
	date = {1957},
	langid = {english},
	file = {Huxley - Muscle structure and theories of contraction.pdf:/Users/auxanehaffreingue/Zotero/storage/2MVT5UGX/Huxley - Muscle structure and theories of contraction.pdf:application/pdf}
}

@article{hill_archibald_vivian_heat_1938,
	title = {The heat of shortening and the dynamic constants of muscle},
	volume = {126},
	url = {https://royalsocietypublishing.org/doi/abs/10.1098/rspb.1938.0050},
	doi = {10.1098/rspb.1938.0050},
	abstract = {The hope was recently expressed (Hill 1937, p. 116) that with the development of a more accurate and rapid technique for muscle heat measurement, a much more consistent picture might emerge of the energy relations of muscles shortening (or lengthening) and doing positive (or negative) work. This hope has been realized, and some astonishingly simple and accurate relations have been found, relations, moreover, which (among other things) determine the effect of load on speed of shortening, allow the form of the isometric contraction to be predicted, and are the basis of the so-called “visco-elasticity” of skeletal muscle. This paper is divided into three parts. In Part I further developments of the technique are described: everything has depended on the technique, so no apology is needed for a rather full description of it and of the precautions necessary. In Part {II} the results themselves are described and discussed. In Part {III} the “visco-elastic” properties of active muscle are shown to be a consequence of the properties described in Part {II}.},
	pages = {136--195},
	number = {843},
	journaltitle = {Proceedings of the Royal Society of London. Series B - Biological Sciences},
	shortjournal = {Proceedings of the Royal Society of London. Series B - Biological Sciences},
	author = {{Hill Archibald Vivian}},
	urldate = {2019-06-05},
	date = {1938-10-10},
	file = {Full Text PDF:/Users/auxanehaffreingue/Zotero/storage/PYSVADFQ/Hill Archibald Vivian - 1938 - The heat of shortening and the dynamic constants o.pdf:application/pdf;Snapshot:/Users/auxanehaffreingue/Zotero/storage/PA2VEK58/rspb.1938.html:text/html}
}

@article{linden_mechanical_1998,
	title = {Mechanical modeling of skeletal muscle functioning},
	url = {https://research.utwente.nl/en/publications/mechanical-modeling-of-skeletal-muscle-functioning},
	author = {Linden, B. J. J. J. van der},
	urldate = {2019-06-06},
	date = {1998-05-28},
	file = {Full Text PDF:/Users/auxanehaffreingue/Zotero/storage/IGNIN86L/Linden - 1998 - Mechanical modeling of skeletal muscle functioning.pdf:application/pdf;Snapshot:/Users/auxanehaffreingue/Zotero/storage/ASVBQKAV/mechanical-modeling-of-skeletal-muscle-functioning.html:text/html}
}

@thesis{berranen_simulation_2015,
	title = {Simulation 3D éléments-finis du muscle squelettique en temps-réel basée sur une approche multi-modèles},
	url = {https://tel.archives-ouvertes.fr/tel-01542506},
	abstract = {Les résultats des chirurgies orthopédiques correctrices sont difficilement prévisibles et, malheureusement, parfois infructueux. D’autres maladies résultantes d’un handicap majeur tel que l’escarre sont encore très peu comprises. Malgré une prévalence dans la population conséquente, peu d’études ont été menées sur ces thèmes. L’étude volumétrique du muscle en tant que tissu mou actif manque d’informations détaillées. Particulièrement les déformations et raideurs subséquentes aux contractions de muscles à arrangement de fascicules complexes. La modélisation volumétrique des muscles, fournirait un outil puissant pour la simulation personnalisée des contraintes subies par le corps, durant des contactes prolongés ou récurrents avec des dispositifs médicaux standards et inadaptés à la morphologie, mais aussi la planification d’opérations chirurgicales ou de séquences de stimulation électrique fonctionnelle. Il n’existe actuellement aucun logiciel permettant la reconstruction automatique de l’architecture des fascicules, aponévroses et tendons à partir d’acquisitions {IRM} d’un patient spécifique. La méthode actuelle de modélisation volumétrique du muscle est coûteuse en temps de calcul, donc inefficaces pour des simulations temps-réel du comportement du système musculo-squelettique avec représentation des fonctions physiologiques. Cette thèse est dirigée par les contributions nombreuses qui restent encore à apporter dans le domaine. Les méthodes de modélisation actuelles basées sur la méthode des éléments finis classique sont complexes, manquent de flexibilité ou de précision en temps-réel. Nous proposons une approche multi-modèles basée sur le mapping barycentrique qui découple la fonction de densité d’énergie de déformations du muscle en un ensemble de modèles indépendants de moindre complexité, avec les objectifs suivants : - Améliorer la reconstruction de l’architecture musculaire à partir des acquisitions {IRM} en terme de complexité et flexibilité. - Séparer la modélisation du muscle en modèles simple et indépendants, de manière à offrir plus de flexibilité, en réduisant la complexité, qui permettront de découpler les résolutions des éléments déformables des éléments actifs du muscle. - En diminuant le nombre d’éléments finis garantissant la cohérence des résultats, nous diminuons le temps de calcul nécessaire à chaque pas de simulation .Nos méthodes s’inspirent des travaux précédents sur la représentation tri-dimensionnelle de la géométrie et l’architecture complexes des muscles de [Blemker and Delp, 2005]. De plus, la définition mathématique est étudiée [Chi et al., 2010] pour caractériser la densité d’énergie de déformations du muscle squelettique. En rapport avec les méthodes précédentes, nous revendiquons les avancées suivantes : - Amélioration de la représentation 3D des muscles de patients spécifiques avec architecture et géométrie complexes, à partir de mesures {IRM}. La méthode est plus flexible et rapide que les précédentes. - Une nouvelle méthode de modélisation des déformations musculaires via la modélisation découplée des différents tissus musculaires. Cette nouvelle approche permet une définition indépendante des fascicules musculaires, tissus conjonctifs, tendons et aponévroses en gardant une grande précision de déformations. Les performances sont confrontées au rendement de la méthode {FEM} classique. - Nous atteignons des vitesses de simulation élevées de muscles complexes sur des machines standards par rapport à la {FEM}. Les performances nous ont permis de simuler en temps-réel la force et les déformations d’un muscle d’individus spécifiques, avec une entrée d’activation actualisée en temps-réel à partir de mesures {EMG}. - La modélisation d’un muscle nécessite plus de compétence qu’une équipe de recherche peut envisager maitriser. L’approche multi-modèles permet un travail collaboratif, où chaque spécialiste se focalise uniquement sur son domaine de compétence. La modélisation en est extrêmement simplifiée.},
	institution = {Université Montpellier},
	type = {phdthesis},
	author = {Berranen, Mohamed Yacine},
	urldate = {2019-06-06},
	date = {2015-12-17},
	langid = {french},
	file = {Full Text PDF:/Users/auxanehaffreingue/Zotero/storage/UGXFJWNL/Berranen - 2015 - Simulation 3D éléments-finis du muscle squelettiqu.pdf:application/pdf;Snapshot:/Users/auxanehaffreingue/Zotero/storage/IE2TUFF7/tel-01542506.html:text/html}
}

@online{noauthor_aponevrose_nodate,
	title = {{APONÉVROSE} : Définition de {APONÉVROSE}},
	url = {https://www.cnrtl.fr/definition/apon%C3%A9vrose},
	titleaddon = {Centre National de Ressources Textuelles et Lexicales},
	urldate = {2019-06-25},
	file = {APONÉVROSE \: Définition de APONÉVROSE:/Users/auxanehaffreingue/Zotero/storage/EKKVDBFR/aponévrose.html:text/html}
}